<?xml version="1.0" encoding="UTF-8"?><collection xmlns="http://www.loc.gov/MARC21/slim"><record><leader>00390nam--2200145-i-4500</leader><controlfield tag="001">000046690</controlfield><controlfield tag="002">20161230</controlfield><controlfield tag="005">20161230201046</controlfield><controlfield tag="008">060222s1000------------r-----000-0-eng-d</controlfield><datafield ind1=" " ind2=" " tag="080"><subfield code="a">517.9:530.1=03.82=20</subfield></datafield><datafield ind1=" " ind2=" " tag="100"><subfield code="a">Vladimirov,V.S</subfield></datafield><datafield ind1=" " ind2=" " tag="245"><subfield code="a">Generalized functions in math.physics</subfield></datafield><datafield ind1=" " ind2=" " tag="260"><subfield code="a">Moscow, Mir Publ.,1979. Xii + 362 P</subfield></datafield><datafield ind1=" " ind2=" " tag="852"><subfield code="a">48300</subfield><subfield code="c">517.9</subfield></datafield><datafield ind1=" " ind2=" " tag="CAT"><subfield code="a">Sys</subfield><subfield code="c">20090318</subfield><subfield code="h">135821</subfield></datafield></record></collection>